<?xml version="1.0" encoding="UTF-8"?>
<collection xmlns="http://www.loc.gov/MARC21/slim">
 <record>
  <leader>03536cam a2200601K  4500</leader>
  <controlfield tag="001">8352514</controlfield>
  <controlfield tag="005">20130218160500.0</controlfield>
  <controlfield tag="006">m        d        </controlfield>
  <controlfield tag="007">cr |||||||||||</controlfield>
  <controlfield tag="008">110322s1939    iluae   o     000 0 eng  </controlfield>
  <controlfield tag="003">OLE</controlfield>
  <datafield tag="035" ind1=" " ind2=" ">
   <subfield code="a">(OCoLC)708084299</subfield>
  </datafield>
  <datafield tag="035" ind1=" " ind2=" ">
   <subfield code="a">8352514</subfield>
  </datafield>
  <datafield tag="040" ind1=" " ind2=" ">
   <subfield code="a">CGU</subfield>
   <subfield code="c">CGU</subfield>
  </datafield>
  <datafield tag="043" ind1=" " ind2=" ">
   <subfield code="a">a-is---</subfield>
  </datafield>
  <datafield tag="049" ind1=" " ind2=" ">
   <subfield code="a">CGUA</subfield>
  </datafield>
  <datafield tag="050" ind1="0" ind2="0">
   <subfield code="a">NK5973</subfield>
   <subfield code="b">.L6</subfield>
  </datafield>
  <datafield tag="050" ind1="1" ind2="4">
   <subfield code="a">DS110.M4</subfield>
   <subfield code="b">L6</subfield>
  </datafield>
  <datafield tag="100" ind1="1" ind2=" ">
   <subfield code="a">Loud, Gordon,</subfield>
   <subfield code="d">1900-</subfield>
  </datafield>
  <datafield tag="245" ind1="1" ind2="4">
   <subfield code="a">The Megiddo ivories</subfield>
   <subfield code="h">[electronic resource],</subfield>
   <subfield code="c">by Gordon Loud.</subfield>
  </datafield>
  <datafield tag="260" ind1=" " ind2=" ">
   <subfield code="a">Chicago,</subfield>
   <subfield code="b">University of Chicago Press</subfield>
   <subfield code="c">[1939]</subfield>
  </datafield>
  <datafield tag="300" ind1=" " ind2=" ">
   <subfield code="a">1 online resource (xi, 25 p.</subfield>
   <subfield code="b">illus. (incl. plan) 63 (i. e. 70) pl. (3 double; incl. mounted front.) on 40 l.)</subfield>
  </datafield>
  <datafield tag="490" ind1="1" ind2=" ">
   <subfield code="a">University of Chicago Oriental Institute publications,</subfield>
   <subfield code="v">vol. 52</subfield>
  </datafield>
  <datafield tag="500" ind1=" " ind2=" ">
   <subfield code="a">Where the two various representations of one figure occupy two facing plates, these two plates have been numbered as one.</subfield>
  </datafield>
  <datafield tag="500" ind1=" " ind2=" ">
   <subfield code="a">&quot;Published December 1939.&quot;</subfield>
  </datafield>
  <datafield tag="500" ind1=" " ind2=" ">
   <subfield code="a">&quot;ʻPhoenician' ivories&quot;: p. 1-2; Bibliography: p. 2.</subfield>
  </datafield>
  <datafield tag="505" ind1="0" ind2=" ">
   <subfield code="a">&quot;Phoenician ivories&quot; -- The Megiddo ivories: Archeological context. Dating. Character. Hieroglyphic inscriptions / John A. Wilson. Catalogue. Correlation of museum and catalogue numbers. Correlation of field and catalogue numbers.</subfield>
  </datafield>
  <datafield tag="520" ind1=" " ind2=" ">
   <subfield code="a">&quot;The aim of this volume is to present in simple, concise form the Megiddo ivories. It does not pretend to offer exhaustive comparisons with allied material from other sources or to draw the many and diverse conclusions as to date, style, and origin of individual pieces. The interest aroused by preliminary reports of this find has prompted the early publication of this material, which it is hoped will supply a basis for discussion of the many angles and problems it suggests.&quot;--fore.</subfield>
  </datafield>
  <datafield tag="650" ind1=" " ind2="0">
   <subfield code="a">Ivories.</subfield>
  </datafield>
  <datafield tag="651" ind1=" " ind2="0">
   <subfield code="a">Megiddo (Extinct city)</subfield>
  </datafield>
  <datafield tag="651" ind1=" " ind2="0">
   <subfield code="a">Palestine</subfield>
   <subfield code="x">Antiquities.</subfield>
  </datafield>
  <datafield tag="650" ind1=" " ind2="6">
   <subfield code="a">Ivoires.</subfield>
  </datafield>
  <datafield tag="651" ind1=" " ind2="6">
   <subfield code="a">Palestine</subfield>
   <subfield code="x">Antiquités.</subfield>
  </datafield>
  <datafield tag="650" ind1="1" ind2="7">
   <subfield code="a">Opgravingen.</subfield>
   <subfield code="2">gtt</subfield>
  </datafield>
  <datafield tag="650" ind1="1" ind2="7">
   <subfield code="a">Ivoor.</subfield>
   <subfield code="2">gtt</subfield>
  </datafield>
  <datafield tag="650" ind1="0" ind2="7">
   <subfield code="a">Elfenbeinschnitzerei</subfield>
   <subfield code="2">swd</subfield>
  </datafield>
  <datafield tag="651" ind1=" " ind2="7">
   <subfield code="a">Megiddo</subfield>
   <subfield code="2">swd</subfield>
  </datafield>
  <datafield tag="650" ind1=" " ind2="7">
   <subfield code="a">Sculpture sur ivoire</subfield>
   <subfield code="z">Phénicie.</subfield>
   <subfield code="2">ram</subfield>
  </datafield>
  <datafield tag="650" ind1=" " ind2="7">
   <subfield code="a">Sculpture sur ivoire</subfield>
   <subfield code="z">Israël</subfield>
   <subfield code="z">Megiddo (ville ancienne)</subfield>
   <subfield code="x">Catalogues.</subfield>
   <subfield code="2">ram</subfield>
  </datafield>
  <datafield tag="650" ind1=" " ind2="7">
   <subfield code="a">Antiquités phéniciennes</subfield>
   <subfield code="z">Israël</subfield>
   <subfield code="z">Megiddo (ville ancienne).</subfield>
   <subfield code="2">ram</subfield>
  </datafield>
  <datafield tag="651" ind1=" " ind2="7">
   <subfield code="a">Megiddo (ville ancienne)</subfield>
   <subfield code="x">Antiquités.</subfield>
   <subfield code="2">ram</subfield>
  </datafield>
  <datafield tag="651" ind1=" " ind2="7">
   <subfield code="a">Palestine</subfield>
   <subfield code="x">Antiquités.</subfield>
   <subfield code="2">ram</subfield>
  </datafield>
  <datafield tag="650" ind1=" " ind2="7">
   <subfield code="a">Antiquities.</subfield>
   <subfield code="2">fast</subfield>
   <subfield code="0">http://id.worldcat.org/fast/fst00810745</subfield>
  </datafield>
  <datafield tag="650" ind1=" " ind2="7">
   <subfield code="a">Ivories.</subfield>
   <subfield code="2">fast</subfield>
   <subfield code="0">http://id.worldcat.org/fast/fst00980860</subfield>
  </datafield>
  <datafield tag="651" ind1=" " ind2="7">
   <subfield code="a">Israel</subfield>
   <subfield code="z">Megiddo (Extinct city)</subfield>
   <subfield code="2">fast</subfield>
   <subfield code="0">http://id.worldcat.org/fast/fst01896865</subfield>
  </datafield>
  <datafield tag="651" ind1=" " ind2="7">
   <subfield code="a">Middle East</subfield>
   <subfield code="z">Palestine.</subfield>
   <subfield code="2">fast</subfield>
   <subfield code="0">http://id.worldcat.org/fast/fst01207534</subfield>
  </datafield>
  <datafield tag="776" ind1="0" ind2="8">
   <subfield code="i">Print version:</subfield>
   <subfield code="a">Loud, Gordon, 1900-</subfield>
   <subfield code="t">Megiddo ivories.</subfield>
   <subfield code="d">Chicago, University of Chicago Press [1939]</subfield>
   <subfield code="w">(DLC) 40004417</subfield>
   <subfield code="w">(OCoLC)01212223</subfield>
   <subfield code="w">(ICU)1929843</subfield>
  </datafield>
  <datafield tag="830" ind1=" " ind2="0">
   <subfield code="a">University of Chicago Oriental Institute publications ;</subfield>
   <subfield code="v">vol. 52.</subfield>
  </datafield>
  <datafield tag="856" ind1="4" ind2="0">
   <subfield code="u">http://bibpurl.oclc.org/web/42127</subfield>
   <subfield code="z">(Click on the icon to the left of 'Terms of Use')</subfield>
  </datafield>
  <datafield tag="856" ind1="4" ind2="0">
   <subfield code="u">http://oi.uchicago.edu/research/pubs/catalog/oip/oip52.html</subfield>
   <subfield code="z">(Click on the icon to the left of 'Terms of Use')</subfield>
  </datafield>
  <datafield tag="903" ind1=" " ind2=" ">
   <subfield code="a">UCPress</subfield>
  </datafield>
  <datafield tag="928" ind1=" " ind2=" ">
   <subfield code="u">http://oi.uchicago.edu/research/pubs/catalog/oip/oip52.html</subfield>
   <subfield code="p">(Click on the icon to the left of 'Terms of Use')</subfield>
   <subfield code="c">FullText</subfield>
   <subfield code="l">Online</subfield>
   <subfield code="t">LCC</subfield>
   <subfield code="a">DS110.M5L88</subfield>
  </datafield>
  <datafield tag="928" ind1=" " ind2=" ">
   <subfield code="u">http://bibpurl.oclc.org/web/42127</subfield>
   <subfield code="p">(Click on the icon to the left of 'Terms of Use')</subfield>
   <subfield code="c">FullText</subfield>
   <subfield code="l">Online</subfield>
   <subfield code="t">LCC</subfield>
   <subfield code="a">DS110.M5L88</subfield>
  </datafield>
 </record>
</collection>
